<record xmlns="http://www.loc.gov/MARC21/slim" xmlns:xsi="http://www.w3.org/2001/XMLSchema-instance" xsi:schemaLocation="http://www.loc.gov/MARC21/slim http://www.loc.gov/standards/marcxml/schema/MARC21slim.xsd"><leader>     nam a22        4500</leader><controlfield tag="001">3076860</controlfield><controlfield tag="003">NNC</controlfield><controlfield tag="006">m        d        </controlfield><controlfield tag="007">cr cn |||m|||a</controlfield><controlfield tag="008">150313s1949    le      ob    001 0 arard</controlfield><datafield ind1=" " ind2=" " tag="040"><subfield code="a">NNU</subfield><subfield code="b">eng</subfield><subfield code="e">rda</subfield><subfield code="c">NNU</subfield></datafield><datafield ind1=" " ind2=" " tag="043"><subfield code="a">e-sp---</subfield></datafield><datafield ind1=" " ind2="4" tag="050"><subfield code="a">PJ8414</subfield><subfield code="b">.M85 1949</subfield></datafield><datafield ind1="1" ind2=" " tag="100"><subfield code="a">Nykl, A. R.</subfield><subfield code="q">(Alois Richard),</subfield><subfield code="d">1885-</subfield></datafield><datafield ind1="1" ind2="0" tag="245"><subfield code="6">880-01</subfield><subfield code="a">Mukhta&#772;ra&#772;t min al-shi&#699;r al-Andalusi&#772; /</subfield><subfield code="c">jama&#699;aha&#772; wa-h&#803;aqqaqaha&#772; A.R. Ni&#772;kil.</subfield></datafield><datafield ind1="3" ind2=" " tag="246"><subfield code="a">Selections from Hispano-Arabic poetry</subfield></datafield><datafield ind1=" " ind2=" " tag="250"><subfield code="6">880-02</subfield><subfield code="a">al-T&#803;ab&#699;ah 1.</subfield></datafield><datafield ind1=" " ind2=" " tag="260"><subfield code="6">880-03</subfield><subfield code="a">Bayru&#772;t :</subfield><subfield code="b">Da&#772;r al-&#699;Ilm lil-Mala&#772;yi&#772;n,</subfield><subfield code="c">1949.</subfield></datafield><datafield ind1=" " ind2=" " tag="300"><subfield code="a">online resource (228 pages)</subfield></datafield><datafield ind1=" " ind2=" " tag="336"><subfield code="a">text</subfield><subfield code="2">rdacontent</subfield></datafield><datafield ind1=" " ind2=" " tag="337"><subfield code="a">computer</subfield><subfield code="2">rdamedia</subfield></datafield><datafield ind1=" " ind2=" " tag="338"><subfield code="a">online resource</subfield><subfield code="2">rdacarrier</subfield></datafield><datafield ind1=" " ind2=" " tag="500"><subfield code="a">Cover title: Selections from Hispano-Arabic poetry.</subfield></datafield><datafield ind1=" " ind2=" " tag="500"><subfield code="a">Part of the Arabic Collections Online (ACO) project, contributed by Columbia University Libraries.</subfield></datafield><datafield ind1=" " ind2=" " tag="504"><subfield code="a">Includes bibliographical references and index.</subfield></datafield><datafield ind1=" " ind2=" " tag="533"><subfield code="a">Electronic reproduction.</subfield><subfield code="b">New York, N.Y. :</subfield><subfield code="c">New York University,</subfield><subfield code="d">2015.</subfield><subfield code="5">NNU</subfield></datafield><datafield ind1=" " ind2="0" tag="650"><subfield code="a">Arabic poetry</subfield><subfield code="z">Spain.</subfield></datafield><datafield ind1=" " ind2="7" tag="650"><subfield code="a">Arabic poetry.</subfield><subfield code="2">fast</subfield><subfield code="0">(OCoLC)fst00812533</subfield></datafield><datafield ind1=" " ind2="7" tag="651"><subfield code="a">Spain.</subfield><subfield code="2">fast</subfield><subfield code="0">(OCoLC)fst01204303</subfield></datafield><datafield ind1="2" ind2=" " tag="710"><subfield code="a">Columbia University.</subfield><subfield code="b">Libraries.</subfield></datafield><datafield ind1="0" ind2=" " tag="730"><subfield code="a">Arabic Collections Online.</subfield></datafield><datafield ind1="0" ind2="8" tag="776"><subfield code="i">Print version:</subfield><subfield code="a">Nykl, A. R. (Alois Richard), 1885-</subfield><subfield code="t">Mukhta&#772;ra&#772;t min al-shi&#699;r al-Andalusi&#772;</subfield><subfield code="w">(NNC)3076860</subfield><subfield code="w">(OCoLC)29062997</subfield></datafield><datafield ind1="4" ind2="0" tag="856"><subfield code="u">http://hdl.handle.net/2333.1/6t1g1n8x</subfield></datafield><datafield ind1="1" ind2=" " tag="880"><subfield code="6">100-00/r</subfield><subfield code="a">&#1606;&#1610;&#1603;&#1604;&#1548; &#1649;.&#1585;.</subfield></datafield><datafield ind1="1" ind2="0" tag="880"><subfield code="6">245-01/r</subfield><subfield code="a">&#1605;&#1582;&#1578;&#1575;&#1585;&#1575;&#1578; &#1605;&#1606; &#1575;&#1604;&#1588;&#1593;&#1585; &#1575;&#1604;&#1649;&#1606;&#1583;&#1604;&#1587;&#1610; /</subfield><subfield code="c">&#1580;&#1605;&#1593;&#1607;&#1575; &#1608; &#1581;&#1602;&#1602;&#1607;&#1575; &#1649;.&#1585;. &#1606;&#1610;&#1603;&#1604;.</subfield></datafield><datafield ind1=" " ind2=" " tag="880"><subfield code="6">250-02/r</subfield><subfield code="a">[&#1575;&#1604;&#1591;&#1576;&#1593;&#1577; &#1633;].</subfield></datafield><datafield ind1=" " ind2=" " tag="880"><subfield code="6">260-03/r</subfield><subfield code="a">&#1576;&#1610;&#1585;&#1608;&#1578; :</subfield><subfield code="b">&#1583;&#1575;&#1585; &#1575;&#1604;&#1593;&#1604;&#1605; &#1604;&#1604;&#1605;&#1604;&#1575;&#1610;&#1610;&#1606;&#1548;</subfield><subfield code="c">[&#1633;&#1641;&#1636;&#1641;].</subfield></datafield><datafield ind1=" " ind2=" " tag="959"><subfield code="a">NNU</subfield><subfield code="b">WEB</subfield><subfield code="c">GENI</subfield><subfield code="t">0</subfield><subfield code="m">Electronic access</subfield><subfield code="s">01</subfield></datafield><datafield ind1=" " ind2=" " tag="999"><subfield code="i">NNC_3076860</subfield><subfield code="o">(OCoLC)ocm29062997 </subfield><subfield code="s">columbia_aco000560</subfield><subfield code="e">(ERROR-880)</subfield></datafield></record>